% So sieht der Biblatex Eintag für eine Abschlussarbeit aus:

%% Einleitung

Beweis das Quantnecomputer schneller:
Ethan Bernstein and Umesh Vazirani. Quantum complexity theory. In Proceedings of the Twenty-fifth Annual ACM Symposium on Theory of Computing, STOC ’93,
pages 11–20, New York, NY, USA, 1993. ACM.

Beweis Shor:
(1)
P. W. Shor. Algorithms for quantum computation: Discrete logarithms and factoring. In Proceedings of the 35th Annual Symposium on Foundations of Computer
Science, SFCS ’94, pages 124–134, Washington, DC, USA, 1994. IEEE Computer
Society.
(2)
Peter W. Shor. Polynomial-time algorithms for prime factorization and discrete
logarithms on a quantum computer. SIAM Journal on Computing, 26(5):1484–1509,
1997


Quantenpunkt als Qubit:
(1)
 J. M. Elzerman, R. Hanson, L. H. Willems van Beveeren, B. Witkamp, L. M. K.
Vandersypen, and L. P. Kouvenhoven. Single-shot read-out of an individual electron spin
in a quantum dot. Nature, 430:431, 2004
(2)
N. H. Bonadeo, J. Erland, D. Gammon, D. Park, D. S. Katzer, and D. G. Steel.
Coherent optical control of the quantum state of a single quantum dot. Science,
282(5393):1473–1476, 1998
(3)
A. Greilich, A. Shabaev, D. R. Yakovlev, Al. L. Efros, I. A. Yugova, D. Reuter,
A. D. Wieck, and M. Bayer. Nuclei-induced frequency focusing of electron spin
coherence. Science, 317(5846):1896–1899, 2007
(4)
L. V. Fokina, I. A. Yugova, D. R. Yakovlev, M. M. Glazov, I. A. Akimov, A. Greilich,
D. Reuter, A. D. Wieck, and M. Bayer. Spin dynamics of electrons and holes
in InGaAs/GaAs quantum wells at millikelvin temperatures. Phys. Rev. B,
81:195304, May 2010
(5)
S. Spatzek, A. Greilich, Sophia E. Economou, S. Varwig, A. Schwan, D. R.
Yakovlev, D. Reuter, A. D. Wieck, T. L. Reinecke, and M. Bayer. Optical control of coherent interactions 
between electron spins in InGaAs quantum dots.
Phys. Rev. Lett., 107:137402, Sep 2011










Bild von Quantenpunkt

Juan Marquez, Lutz Geelhaar, and Karl Jacobi. Atomically resolved structure of
InAs quantum dots. Applied Physics Letters, 78(16):2309–2311, 2001.
% ein Lehrbuch:




%%% CSM-Bild: https://iopscience.iop.org/article/10.1088/1367-2630/16/6/065023#njp495212s2





@book{kuypers,
    author = {Kuypers, Friedhelm},
    title = {Klassische Mechanik},
    year = {2010},
    publisher = {Wiley-VCH},
    series = {9. Auflage}
}

@BOOK{handbook_adhesives,
  editor =       {Satas, D.},
  TITLE =        {Handbook of pressure sensitive adhesive technology},
  PUBLISHER =    {Van Nostrand Reinhold},
  YEAR =         {1989},
  address =      {New York},
  edition =      {2nd},
}


% Ein in einem Journal veröffentlichter Artikel (Paper):
@article{pdg,
      author         = "Beringer, J. and others",
      title          = "{Review of Particle Physics (RPP)}",
      collaboration  = "Particle Data Group",
      journal        = "Phys.Rev.",
      volume         = "D86",
      pages          = "010001",
      doi            = "10.1103/PhysRevD.86.010001",
      year           = "2012",
      SLACcitation   = "%%CITATION = PHRVA,D86,010001;%%",
}

@ARTICLE{einstein,
  author = {Einstein, A.},
  title = {A Generalization of the relativistic theory of Gravitation},
  journal = {Annals of Mathematics},
  year = {1945},
  volume = {46},
  pages = {578-584},
  number = {4}
  }

% eine Internet Quelle
@MANUAL{siunitx,
    title   = {siunitx - A comprehensive (SI) units package},
    url = {http://mirror.selfnet.de/tex-archive/macros/latex/contrib/siunitx/siunitx.pdf},
    date = {2013},
    author = {Wright, Joseph}
}
@MANUAL{koma,
    title   = {KOMA -Script},
    subtitle = {ein wandelbares LaTeX-Paket},
    url = {http://mirror.selfnet.de/tex-archive/macros/latex/contrib/koma-script/doc/scrguide.pdf},
    date = {2013},
    author = {Kohm, Markus and Morawski, Jens-Uwe}
}
@MANUAL{biblatex,
    title   = {The Biblatex Package},
    subtitle = {Programmable Bibliographies and Citations},
    url = {ftp://ftp.fu-berlin.de/tex/CTAN/macros/latex/contrib/biblatex/doc/biblatex.pdf},
    date = {2014},
    author = {Lehman, Philipp and others}
}
@ELECTRONIC{make,
    title   = {Gnu-Make Homepage},
    url = {http://www.gnu.org/software/make/},
    date = {2014},
}
@ELECTRONIC{toolbox,
    title   = {Pep et al.\ Toolbox -- \LaTeX-Folien},
    url = {http://toolbox.pep-dortmund.org/files/archive/2014/latex.pdf},
    date = {2014},
}
@ELECTRONIC{gitbash,
    title   = {Git Bash - Download},
    url = {http://msysgit.github.io/},
    date = {2014},
}
@ELECTRONIC{pleser,
    title   = {Modern Packages for LaTeX},
    url = {http://philippleser.de/physics/latex},
    date = {2014},
    author = {Leser, Philipp}
}
@MANUAL{l2tabu,
    title   = {Das LATEX2ε-Sündenregister},
    author = {Ensenbach, Marc and Trettin, Mark},
    url = {ftp://ftp.mpi-sb.mpg.de/pub/tex/mirror/ftp.dante.de/pub/tex/info/l2tabu/german/l2tabu.pdf},
    date = {2011},
}
@ELECTRONIC{texmaker,
    title   = {Texmaker},
    subtitle =  {The universal LaTeX editor, Downloads},
    url = {http://www.xm1math.net/texmaker/download.html},
    date = {2014},
}
